@article{canny1986computational,
  title={A computational approach to edge detection},
  author={Canny, John},
  journal={Pattern Analysis and Machine Intelligence, IEEE Transactions on},
  number={6},
  pages={679--698},
  year={1986},
  publisher={IEEE}
}
@article{palaniswamy2010automatic,
  title={Automatic identification of landmarks in digital images},
  author={Palaniswamy, Sasirekha and Thacker, Neil A and Klingenberg, Christian Peter},
  journal={IET Computer Vision},
  volume={4},
  number={4},
  pages={247--260},
  year={2010},
  publisher={IET}
}
@InBook{web2010,
  author = 	 {Webster, M. and Sheets, H.D.},
  ALTeditor = 	 {},
  title = 	 {Quantitative Methods in PaleoBiology},
  chapter = 	 {A Practical Introduction to Landmark-based Geometric Morphometrics},
  publisher = 	 {J.Alroy and G. Hunt},
  year = 	 {2010},
  OPTkey = 	 {},
  OPTvolume = 	 {},
  OPTnumber = 	 {},
  OPTseries = 	 {},
  OPTtype = 	 {},
  OPTaddress = 	 {},
  OPTedition = 	 {},
  OPTmonth = 	 {},
  pages = 	 {163-188},
  OPTnote = 	 {},
  OPTannote = 	 {}
}
@article{ballard1981generalizing,
  title={Generalizing the Hough transform to detect arbitrary shapes},
  author={Ballard, Dana H},
  journal={Pattern recognition},
  volume={13},
  number={2},
  pages={111--122},
  year={1981},
  publisher={Elsevier}
}
@article{shlens2014tutorial,
  title={A tutorial on principal component analysis},
  author={Shlens, Jonathon},
  journal={arXiv preprint arXiv:1404.1100},
  year={2014}
}
@article{lowe2004distinctive,
  title={Distinctive image features from scale-invariant keypoints},
  author={Lowe, David G},
  journal={International journal of computer vision},
  volume={60},
  number={2},
  pages={91--110},
  year={2004},
  publisher={Springer}
}
@article{leestimating,
  title={Estimating landmarks on 2D images of beetle mandibles},
  author={L{\^e} V{\~a}nh, L and Beurton-Aimar, M and Salmon, JP and Marie, A and Parisey, N},
  journal = {WSCG},
  year={2016}
}
@article{adaptiveCanny,
  title={An Adaptive Canny Edge Detector using Histogram Concavity Analysis },
  author={Jun Zeng, Dehua Li},
  journal={International Journal of Digital Content Technology and its Applications},
  volume={5},
  year={2011}
}
@article{bsspca,
  title={{On lines and planes of closest fit to systems of points in space}},
  author={Pearson, K.},
  journal={Philosophical Magazine},
  volume={2},
  number={6},
  pages={559--572},
  year={1901}
}
@article{bland1996statistics,
  title={Statistics notes: measurement error},
  author={Bland, J Martin and Altman, Douglas G},
  journal={Bmj},
  volume={313},
  number={7059},
  pages={744},
  year={1996},
  publisher={British Medical Journal Publishing Group}
}